@book{adams1995hitchhiker,
  title={The Hitchhiker's Guide to the Galaxy},
  author={Adams, D.},
  isbn={9781417642595},
  url={http://books.google.com/books?id=W-xMPgAACAAJ},
  year={1995},
  publisher={San Val}
}

@book{ModelingBugReportQuality,
  title={Modeling Bug Report Quality},
  author={Pieter Hooimeijer and Westley Weimer},
  url={https://lookaside.fbsbx.com/file/p34-hooimeijer.pdf?token=AWzaCt7mrQdooe9LMxjqzG6-CrQzbBbnGXRYOIlRuNbdkEd_fYPq_VLR1bZa49Bywvrn5HrGAM-s9ieL5CehT0T4-dD2Ae8I3d0zsz1S4IDTL2uWqWuPWlKFD2Ev-Aqpq53O3RdoAgDES6HJb0cQblVXhhYBwQOobtHyLJEmcNtMiA},
  year={2009}
}
